
@misc{varga_omnet++_2009,
	title = {{OMNeT++}},
	url = {http://www.omnetpp.org/},
	author = {Varga, Andras},
	year = {2009}
},

@misc{sommer_veins_2010,
	title = {Veins {(Vehicles} in Network Simulation)},
	url = {http://veins.car2x.org/},
	author = {Sommer, Christoph},
	year = {2010}
},

@misc{krajzewicz_sumo_2011,
	title = {{SUMO} - Simulation of Urban mobility},
	url = {http://sumo.sourceforge.net/},
	author = {Krajzewicz, Daniel and Nicolay, Eric and Behrisch, Michael},
	year = {2011}
},

@misc{viklund_mixim_2011,
	title = {MiXiM Project},
	url = {http://mixim.sourceforge.net/},
	author = {Viklund,Andreas},
	year = {2011}
},


@misc{hargraves_allegro_2014,
	title = {Allegro 5.0},
	url = {http://alleg.sourceforge.net/},
	author = {Hargraves,Shawn},
	year = {2014}
},

@inproceedings{wegener_traci:_2008,
	address = {Ottawa, Canada},
	title = {{TraCI:} An Interface for Coupling Road Traffic and Network Simulators},
	booktitle = {Proceedings of the 11th communications and networking simulation symposium on - {CNS} '08},
	author = {Wegener, Axel and Pi\'orkowski, Michal and Raya, Maxim and Hellbruck, Horst and Fischer, Stefan and Hubaux, {Jean-Pierre}},
	year = {2008},
	pages = {155}
},

@misc{cooper_urc_2014,
	title = {Urban Radio Channel},
	url = {http://euclid.elec.uow.edu.au/},
	author = {Cooper,Craig and Mukunthan,Abhinay},
	year = {2013}
},

@INPROCEEDINGS{cooper_dynamic_2014,
  author={Cooper,Craig and Mukunthan,Abhinay and Ros,Montserrat and Franklin,Daniel and Abolhasan,Mehran},
  booktitle={IEEE International Conference on Communications (ICC) 2014},
  title={Dynamic Environmental Fading in Urban VANETs},
  year={2014}
},

@inproceedings{mukunthan_experimental_2013,
        address = {Shanghai},
        title = {Experimental Validation of the CORNER Propagation Model based on Signal Power Measurements in a Vehicular Environment},
        booktitle = {IEEE WCNC 2013},
        publisher = {{IEEE} {WCNC}},
        author = {Mukunthan, A and Cooper, C and Franklin, D and Abolhasan, M and Safaei, F and Ros, M},
        year = {2013},
},

@article{giordano_corner:_2011,
        title = {{CORNER:} A Radio Propagation Model for {VANETs} in Urban Scenarios},
        volume = {99},
        number = {7},
        journal = {Proceedings of the {IEEE}},
        author = {Giordano, Eugenio and Frank, Raphael and Pau, Giovanni and Gerla, Mario},
        month = jul,
        year = {2011},
        pages = {1280--1294}
},

@inproceedings{giordano_corner:_2010,
        title = {{CORNER:} a realistic urban propagation model for {VANET}},
        publisher = {{IEEE}},
        author = {Giordano, Eugenio and Frank, Raphael and Pau, Giovanni and Gerla, Mario},
        month = feb,
        year = {2010},
        pages = {57--60},
        booktitle={Seventh International Conference on Wireless On-demand Network Systems and Services (WONS)}
},

@inproceedings{wang_influence_2009,
        title = {Influence of the shadowing on the information transmission distance in inter-vehicle communications},
        isbn = {978-1-4244-5122-7},
        doi = {10.1109/PIMRC.2009.5450288},
        booktitle = {{IEEE} 20th International Symposium on Personal, Indoor and Mobile Radio Communications},
        publisher = {{IEEE}},
        author = {Wang, Pao-Jen and Li, Chi-Min and Li, Hsueh-Jyh},
        year = {2009},
        pages = {3015--3019}
},

